A1300108              GVT/CURITIBA-PR     104CAIXA ECONOMICA FED 2017081101038304DEBITO AUTOMATICO                                                    
D999995530427             0368001003037649  999995530427             EXCLUSAO SOLICITADA POR INTERESSE DO CLIENTE                                    1
D899989731659             4008013000134534  899989731659             EXCLUSAO SOLICITADA POR INTERESSE DO CLIENTE                                    1
D899995796382             0643013007701525  899995796382             EXCLUSAO SOLICITADA POR INTERESSE DO CLIENTE                                    1
D899993831484             4877013000046924  899993831484             EXCLUSAO SOLICITADA POR INTERESSE DO CLIENTE                                    1
D899995261927             0495001000766420  899995261927             EXCLUSAO SOLICITADA POR INTERESSE DO CLIENTE                                   1
D899995881495             2989001000050026  899995881495             EXCLUSAO SOLICITADA POR INTERESSE DO CLIENTE                                    1
D899995891824             0416013001531984  899995891824             EXCLUSAO SOLICITADA POR INTERESSE DO CLIENTE                                    1
D899995713990             0404013000181720  899995713990             EXCLUSAO SOLICITADA POR INTERESSE DO CLIENTE                                    1
D899998936617             0068013002429309  899998936617             EXCLUSAO SOLICITADA POR INTERESSE DO CLIENTE                                    1
D899997952044             2893013000073567  899997952044             EXCLUSAO SOLICITADA POR INTERESSE DO CLIENTE                                    1
D899999633758             2075013000054611  899999633758             EXCLUSAO SOLICITADA POR INTERESSE DO CLIENTE                                    1
D899999747663             3142001000216010  899999747663             EXCLUSAO SOLICITADA POR INTERESSE DO CLIENTE                                    1
D899985928182             2281001000339612  899985928182             EXCLUSAO SOLICITADA POR INTERESSE DO CLIENTE                                    1
E999987071438             0913013000277300  2017081200000000000000003                                                                                5
E899997865275             2682001000003193  2017081200000000000000003                                                                                5
E899997270808             2272001000260383  2017081200000000000000003                                                                                5
E899998821985             3888001000225385  2017081200000000000000003                                                                                5
E899998868750             0892013000931910  2017081200000000000000003                                                                                5
E899984964846             1627001000215708  2017081200000000000000003                                                                                5
E899990106280             1667001000025338  2017081200000000000000003                                                                                5
E899984006082             2403003000012816  2017081200000000000000003                                                                                5
E899989335077             1182001000003397  2017081200000000000000003                                                                                5
E899988775865             2022013000671638  2017081200000000000000003                                                                                5
E899994592487             0448001000381157  2017081200000000000000003                                                                                5
E899995937746             0926001000181016  2017081200000000000000003                                                                                5
E899995788947             3448001000246908  2017081200000000000000003                                                                                5
E899995585426             1627001000214515  2017081200000000000000003                                                                                5
E899980651072             0051013000219746  2017081200000000000000003                                                                                5
E899986156096             2937013000198155  2017081200000000000000003                                                                                5
E899996928516             0406001000384483  2017081200000000000000003                                                                                5
E899993635483             4048001000249646  2017081200000000000000003                                                                                5
E899980658918             2958001000255060  2017081200000000000000003                                                                                5
E899989706954             0626003000003903  2017081200000000000000003                                                                                5
E899980644718             3524013000024251  2017081200000000000000003                                                                                5
E899993176492             0566001000181389  2017081200000000000000003                                                                                5
E899984013625             0495003006230242  2017081200000000000000003                                                                                5
E899980676508             1924001000214285  2017081200000000000000003                                                                                5
E899990720507             4032001000219677  2017081200000000000000003                                                                                5
E999988395107             3877001000214464  2017081200000000000000003                                                                                5
E899980676494             1533001000207810  2017081200000000000000003                                                                                5
E899996987632             1286003000030280  2017081200000000000000003                                                                                5
E899980670675             0652001000008897  2017081200000000000000003                                                                                5
E899980657793             4116013000459627  2017081200000000000000003                                                                                5
E899993916191             1047013000810534  2017081200000000000000003                                                                                5
E899980701889             4128001000222386  2017081200000000000000003                                                                                5
E899989074462             2978001000202950  2017081200000000000000003                                                                                5
E899980663589             2042013000021543  2017081200000000000000003                                                                                5
E899981254302             0240013000074290  2017081200000000000000003                                                                                5
E899980416671             0168001000215980  2017081200000000000000003                                                                                5
E899980677675             2100001000211084  2017081200000000000000003                                                                                5
E899980690930             3973001000201305  2017081200000000000000003                                                                                5
E899984247004             0394001000063306  2017081200000000000000003                                                                                5
E899987617749             2872001000239327  2017081200000000000000003                                                                                5
E899980641598             0432001001000286  2017081200000000000000003                                                                                5
E899998177813             0041013004321206  2017081200000000000000003                                                                                5
E899981623420             2741001000028285  2017081200000000000000003                                                                                5
E899980636755             3557001001164355  2017081200000000000000003                                                                                5
E899983090293             1585013000254190  2017081200000000000000003                                                                                5
E899980683101             0623013000121435  2017081200000000000000003                                                                                5
E899980931935             4144001000332561  2017081200000000000000003                                                                                5
E899981261632             3744013000042256  2017081200000000000000003                                                                                5
E899980648544             3397013000022624  2017081200000000000000003                                                                                5
E899980412831             1640001000303110  2017081200000000000000003                                                                                5
E899981563348             3725013000166253  2017081200000000000000003                                                                                5
E899980671271             0419001000361921  2017081200000000000000003                                                                                5
E899982721067             2381001000020709  2017081200000000000000003                                                                                5
E899980415603             1997001000210598  2017081200000000000000003                                                                                5
E999986354645             2707001000022079  2017081200000000000000003                                                                                5
E899980634467             3025013000055855  2017081200000000000000003                                                                                5
E899980422573             3457013000112610  2017081200000000000000003                                                                                5
E899987877911             0893013000278449  2017081200000000000000003                                                                                5
D899998126127             0344001000957010  899998126127             EXCLUSAO SOLICITADA POR INTERESSE DO CLIENTE                                    1
D899998010763             0369013000136734  899998010763             EXCLUSAO SOLICITADA POR INTERESSE DO CLIENTE                                    1
D899999448242             0619013000052067  899999448242             EXCLUSAO SOLICITADA POR INTERESSE DO CLIENTE                                    1
D899987479268             1047013000694046  899987479268             EXCLUSAO SOLICITADA POR INTERESSE DO CLIENTE                                    1
D899993135750             0580001000207619  899993135750             EXCLUSAO SOLICITADA POR INTERESSE DO CLIENTE                                    1
D899988196234             3086013000217670  899988196234             EXCLUSAO SOLICITADA POR INTERESSE DO CLIENTE                                    1
J0103832017081100008000000000000000000                                                                                                                
Z00008000000000000000000                                                                                                                              
